@incollection{caillou2017simple,
  title={A Simple-to-use BDI architecture for Agent-based Modeling and Simulation},
  author={Caillou, Philippe and Gaudou, Benoit and Grignard, Arnaud and Truong, Chi Quang and Taillandier, Patrick},
  booktitle={Advances in Social Simulation 2015},
  pages={15--28},
  year={2017},
  publisher={Springer}
}

@book{multiagentsystems,
  title={Multiagent systems: Algorithmic, game-theoretic, and logical foundations},
  author={Shoham, Yoav and Leyton-Brown, Kevin},
  year={2008},
  publisher={Cambridge University Press}
}

@book{intromultiagentsystems,
  title={An introduction to multiagent systems},
  author={Wooldridge, Michael},
  year={2009},
  publisher={John Wiley \& Sons}
}

@article{fipa,
  title={FIPAâ€”towards a standard for software agents},
  author={O'Brien, Paul D and Nicol, Richard C},
  journal={BT Technology Journal},
  volume={16},
  number={3},
  pages={51--59},
  year={1998},
  publisher={Springer}
}
